@inproceedings{starburst,
  title={Starburst: A hybrid algorithm for video-based eye tracking combining feature-based and model-based approaches},
  author={Li, Dongheng and Winfield, David and Parkhurst, Derrick J},
  booktitle={Computer Vision and Pattern Recognition-Workshops, 2005. CVPR Workshops. IEEE Computer Society Conference on},
  pages={79--79},
  year={2005},
  organization={IEEE}
}

@article{least_squares,
  title={Robust pupil center detection using a curvature algorithm},
  author={Zhu, Danjie and Moore, Steven T and Raphan, Theodore},
  journal={Computer methods and programs in biomedicine},
  volume={59},
  number={3},
  pages={145--157},
  year={1999},
  publisher={Elsevier}
}

@article{ransac,
  title={Random sample consensus: a paradigm for model fitting with applications to image analysis and automated cartography},
  author={Fischler, Martin A and Bolles, Robert C},
  journal={Communications of the ACM},
  volume={24},
  number={6},
  pages={381--395},
  year={1981},
  publisher={ACM}
}


@article{fitzgibbon96,
  title={A buyer's guide to conic fitting},
  author={Fitzgibbon, Andrew W and Fisher, Robert B and others},
  journal={DAI Research paper},
  year={1996},
  publisher={UNIVERSITY OF EDINBURGH}
}

@book{multipleViewGeom,
  title={Multiple view geometry in computer vision},
  author={Hartley, Richard and Zisserman, Andrew},
  year={2003},
  publisher={Cambridge university press}
}


@article{heuristic,
  title={Heuristic filtering and reliable calibration methods for video-based pupil-tracking systems},
  author={Stampe, Dave M},
  journal={Behavior Research Methods, Instruments, \& Computers},
  volume={25},
  number={2},
  pages={137--142},
  year={1993},
  publisher={Springer}
}


@book{practicalOpenCV,
  title={Practical OpenCV},
  author={Brahmbhatt, Samarth},
  year={2013},
  publisher={Apress}
}

 @MISC{eigenweb,
  author = {Ga\"{e}l Guennebaud and Beno\^{i}t Jacob and others},
  title = {Eigen v3},
  howpublished = {http://eigen.tuxfamily.org},
  year = {2010}
 }

@article{pupil,
  title={Pupil: An Open Source Platform for Pervasive Eye Tracking and Mobile Gaze-based Interaction},
  author={Kassner, Moritz and Patera, William and Bulling, Andreas},
  journal={arXiv preprint arXiv:1405.0006},
  year={2014}
}

@article{canny,
  title={A computational approach to edge detection},
  author={Canny, John},
  journal={Pattern Analysis and Machine Intelligence, IEEE Transactions on},
  number={6},
  pages={679--698},
  year={1986},
  publisher={IEEE}
}

@MISC{myblogpost,
  author = {Ashraf Saleh},
  title = {codingrush blog: laptop internal webcam to USB webcam},
  howpublished = {http://codingrush.wordpress.com/2014/05/03/laptop-internal-webcam-to-usb-webcam/},
  year = {2014}
 }

@MISC{scriptwear,
  author = {Dapper Vision Inc.},
  title = {WearScript EyeTracking - Headset},
  howpublished = {http://www.wearscript.com/en/latest/eyetracking.html},
  year = {2014}
 }

@inproceedings{swirski,
  title={Robust real-time pupil tracking in highly off-axis images},
  author={{\'S}wirski, Lech and Bulling, Andreas and Dodgson, Neil},
  booktitle={Proceedings of the Symposium on Eye Tracking Research and Applications},
  pages={173--176},
  year={2012},
  organization={ACM}
}

@article{suzuki,
  title={Topological structural analysis of digitized binary images by border following},
  author={Suzuki, Satoshi and others},
  journal={Computer Vision, Graphics, and Image Processing},
  volume={30},
  number={1},
  pages={32--46},
  year={1985},
  publisher={Elsevier}
}

@article{hardy1962collected,
  title={Collected Papers of Srinivasa Ramanujan, Chelsea Pub},
  author={Hardy, GH and Aiyar, PV Seshu and Wilson, BM},
  journal={Co., New York},
  pages={323},
  year={1962}
}

@inproceedings{ViolaAndJones2001,
  title={Rapid object detection using a boosted cascade of simple features},
  author={Viola, Paul and Jones, Michael},
  booktitle={Computer Vision and Pattern Recognition, 2001. CVPR 2001. Proceedings of the 2001 IEEE Computer Society Conference on},
  volume={1},
  pages={I--511},
  year={2001},
  organization={IEEE}
}

 @article{sift,
  title={Distinctive image features from scale-invariant keypoints.},
  author={D. G. Lowe},
  journal={Int. J. Computer Vision},
  year={ 2004},
  publisher={University of British Columbia}

}

 @article{Lazebn06,
  title={Beyond bags of features: Spatial pyramid matching for recognizing natural scene categories.},
  author={S. Lazebnik, C. Schmid, J. Ponce.},
  journal={ In Proc. Of IEEE Conference on Computer Vision and Pattern Recognition},
  year={2006},
}

@inproceedings{relatedsg1,
  title={The isometric self-organizing map for 3d hand pose estimation},
  author={Guan, Haiying and Feris, Rog{\'e}rio Schmidt and Turk, Matthew},
  booktitle={Automatic Face and Gesture Recognition, 2006. FGR 2006. 7th International Conference on},
  pages={263--268},
  year={2006},
  organization={IEEE}
}

@inproceedings{relatedsg2,
  title={Articulated hand tracking by pca-ica approach},
  author={Kato, Makoto and Chen, Yen-Wei and Xu, Gang},
  booktitle={Automatic Face and Gesture Recognition, 2006. FGR 2006. 7th International Conference on},
  pages={329--334},
  year={2006},
  organization={IEEE}
}



@inproceedings{relatedsg3,
  title={Television control by hand gestures},
  author={Freeman, William T and Weissman, Craig},
  booktitle={Proc. of Intl. Workshop on Automatic Face and Gesture Recognition},
  pages={179--183},
  year={1995}
}

@inproceedings{relatedsg4,
  title={Hand gesture recognition using multi-scale colour features, hierarchical models and particle filtering},
  author={Bretzner, Lars and Laptev, Ivan and Lindeberg, Tony},
  booktitle={Automatic Face and Gesture Recognition, 2002. Proceedings. Fifth IEEE International Conference on},
  pages={423--428},
  year={2002},
  organization={IEEE}
}

@inproceedings{relatedsg5,
  title={A real-time hand gesture recognition method},
  author={Fang, Yikai and Wang, Kongqiao and Cheng, Jian and Lu, Hanqing},
  booktitle={Multimedia and Expo, 2007 IEEE International Conference on},
  pages={995--998},
  year={2007},
  organization={IEEE}
}

@inproceedings{relatedsg6,
  title={Hand segmentation for gesture recognition in EGO-vision},
  author={Serra, Giuseppe and Camurri, Marco and Baraldi, Lorenzo and Benedetti, Michela and Cucchiara, Rita},
  booktitle={Proceedings of the 3rd ACM international workshop on Interactive multimedia on mobile \& portable devices},
  pages={31--36},
  year={2013},
  organization={ACM}
}



@article{Dardas11,
  title={Real-time Hand Gesture Detection and Recognition Using Bag-of-Features and Support Vector Machine Techniques.},
  author={N. Dardas, N. Georganas},
  journal={IEEE Transactions on Instrumentation and Measurement},
  year={2011}
}

@article{dynamic1,
  title={Computer Vision IT412},
  author={Owens, Robyn},
  journal={Department of Computer Science},
  year={1997}
}

@article{dynamic2,
  title={Dynamic hand gesture recognition: An exemplar-based approach from motion divergence fields},
  author={Shen, Xiaohui and Hua, Gang and Williams, Lance and Wu, Ying},
  journal={Image and Vision Computing},
  volume={30},
  number={3},
  pages={227--235},
  year={2012},
  publisher={Elsevier}
}

@book{dynamic3,
  title={Programming Computer Vision with Python: Tools and algorithms for analyzing images},
  author={Solem, Jan Erik},
  year={2012},
  publisher={" O'Reilly Media, Inc."}
}
@article{dynamic4,
  title={A comparison of affine region detectors},
  author={Mikolajczyk, Krystian and Tuytelaars, Tinne and Schmid, Cordelia and Zisserman, Andrew and Matas, Jiri and Schaffalitzky, Frederik and Kadir, Timor and Van Gool, Luc},
  journal={International journal of computer vision},
  volume={65},
  number={1-2},
  pages={43--72},
  year={2005},
  publisher={Springer}
}

@inproceedings{dynamic5,
  title={Good features to track},
  author={Shi, Jianbo and Tomasi, Carlo},
  booktitle={Computer Vision and Pattern Recognition, 1994. Proceedings CVPR'94., 1994 IEEE Computer Society Conference on},
  pages={593--600},
  year={1994},
  organization={IEEE}
}

@article{classifications,
  title={Data Mining: Concepts and},
  author={Han, Jiawei and Kamber, Micheline and Pei, Jian},
  year={2011}
}


@inproceedings{paper1sb,
  title={Hand Gesture Recognition and Classification},
  author={Ming Cai, Adam Goss.},
  year={2013}
}

@inproceedings{paper2sT,
  title={A comparison of machine learning algorithms applied to hand gesture recognition},
  author={Trigueiros, Paulo and Ribeiro, Fernando and Reis, Luis Paulo},
  booktitle={Information Systems and Technologies (CISTI), 2012 7th Iberian Conference on},
  pages={1--6},
  year={2012},
  organization={IEEE}
}



@book{feature1,
  title={Machine vision: theory, algorithms, practicalities},
  author={Davies, E Roy},
  year={2004},
  publisher={Elsevier}
}

@article {feature2,
    title={Computer Vision for Interactive Computer Graphics},
    author={Roth, M.},
    journal={IEEE Computer Graphics And Applications},
    year= {1998}
}

@inproceedings{feature3,
  title={Orientation histograms for hand gesture recognition},
  author={Freeman, William T and Roth, Michal},
  booktitle={International Workshop on Automatic Face and Gesture Recognition},
  volume={12},
  pages={296--301},
  year={1995}
}
@article{feature4,
  title={Hand gesture recognition using computer vision},
  author={Lockton, Ray},
  journal={4th Year Project Report},
  pages={1--69},
  year={2002}
}

